<?xml version="1.0" encoding="UTF-8"?><collection xmlns="http://www.loc.gov/MARC21/slim"><record><leader>00413nam--2200145-i-4500</leader><controlfield tag="001">000001165</controlfield><controlfield tag="002">20161230</controlfield><controlfield tag="005">20161230201024</controlfield><controlfield tag="008">060222s1000------------r-----000-0-eng-d</controlfield><datafield ind1=" " ind2=" " tag="080"><subfield code="a">539.1.074.5</subfield></datafield><datafield ind1=" " ind2=" " tag="100"><subfield code="a">Helleboid, Jean-marie</subfield></datafield><datafield ind1=" " ind2=" " tag="245"><subfield code="a">Les detecteurs a localisation pour particules chargees</subfield></datafield><datafield ind1=" " ind2=" " tag="260"><subfield code="a">Saclay, Service Central De Documentation Du Cea, 1968. 25 P</subfield></datafield><datafield ind1=" " ind2=" " tag="490"><subfield code="a">Cea-bib-102</subfield></datafield><datafield ind1=" " ind2=" " tag="852"><subfield code="a">D.1021</subfield></datafield></record></collection>